<?xml version="1.0" encoding="utf-8"?>
<record xmlns="http://www.loc.gov/MARC21/slim" xmlns:xsi="http://www.w3.org/2001/XMLSchema-instance" xsi:schemaLocation="http://www.loc.gov/MARC21/slim http://www.loc.gov/standards/marcxml/schema/MARC21slim.xsd">
	<leader>     nam a22     Mi 4500</leader>
	<controlfield tag="001">2775754</controlfield>
	<controlfield tag="003">NjP</controlfield>
	<controlfield tag="006">m        d        </controlfield>
	<controlfield tag="007">cr cn |||m|||a</controlfield>
	<controlfield tag="008">201207m1933193ule      ol    000 0 ara d</controlfield>
	<datafield ind1=" " ind2=" " tag="040">
		<subfield code="a">ZYU</subfield>
		<subfield code="b">ara</subfield>
		<subfield code="e">rda</subfield>
		<subfield code="c">ZYU</subfield>
	</datafield>
	<datafield ind1=" " ind2=" " tag="043">
		<subfield code="a">a-sy---</subfield>
	</datafield>
	<datafield ind1=" " ind2="4" tag="050">
		<subfield code="a">KMU1.9</subfield>
		<subfield code="b">1933</subfield>
	</datafield>
	<datafield ind1="1" ind2=" " tag="110">
		<subfield code="6">880-01</subfield>
		<subfield code="a">Syria.</subfield>
	</datafield>
	<datafield ind1="1" ind2="0" tag="240">
		<subfield code="a">Laws, etc.</subfield>
	</datafield>
	<datafield ind1="1" ind2="0" tag="245">
		<subfield code="6">880-02</subfield>
		<subfield code="a">Majmūʻat muqarrarāt ḥukūmat Sūriyā :</subfield>
		<subfield code="b">wa-hiya tashtamilu ʻalá al-qawānīn wa-al-marāsīm wa-al-qarārāt allatī ṣudirat fī Sūriyā mundhu al-iḥtilāl ākhir Aylūl sanat 1918 ilá yawminā hādhā /</subfield>
		<subfield code="c">jamaʻahā wa-rattabahā Yūsuf Ṣādir sāḥib al-Majallah al-Qaḍāʼīyah fī Bayrūt .</subfield>
	</datafield>
	<datafield ind1="1" ind2="5" tag="246">
		<subfield code="a">Recueil des lois, décrets et arrêtés de l'état de Syrie :</subfield>
		<subfield code="b">depuis l'occuppation fin septembre 1918 jusqu'à nos jours</subfield>
	</datafield>
	<datafield ind1=" " ind2=" " tag="260">
		<subfield code="6">880-03</subfield>
		<subfield code="a">Bayrūt :</subfield>
		<subfield code="b">Maṭbaʻat Ṣādir,</subfield>
		<subfield code="c">1933-</subfield>
	</datafield>
	<datafield ind1=" " ind2=" " tag="300">
		<subfield code="a">online resource (volumes)</subfield>
	</datafield>
	<datafield ind1=" " ind2=" " tag="336">
		<subfield code="a">text</subfield>
		<subfield code="2">rdacontent</subfield>
	</datafield>
	<datafield ind1=" " ind2=" " tag="337">
		<subfield code="a">computer</subfield>
		<subfield code="2">rdamedia</subfield>
	</datafield>
	<datafield ind1=" " ind2=" " tag="338">
		<subfield code="a">online resource</subfield>
		<subfield code="2">rdacarrier</subfield>
	</datafield>
	<datafield ind1=" " ind2=" " tag="500">
		<subfield code="a">Part of the Arabic Collections Online (ACO) project, contributed by Princeton University Libraries.</subfield>
	</datafield>
	<datafield ind1=" " ind2=" " tag="533">
		<subfield code="a">Electronic reproduction.</subfield>
		<subfield code="b">New York, N.Y. :</subfield>
		<subfield code="c">New York University,</subfield>
		<subfield code="d">2020.</subfield>
		<subfield code="5">NNU</subfield>
	</datafield>
	<datafield ind1=" " ind2=" " tag="546">
		<subfield code="a">In Arabic.</subfield>
	</datafield>
	<datafield ind1=" " ind2=" " tag="500">
		<subfield code="6">880-04</subfield>
		<subfield code="a">At head of title: al-Qaḍāʼ wa-al-tārīkh.</subfield>
	</datafield>
	<datafield ind1=" " ind2=" " tag="500">
		<subfield code="a">French subtitle should read: Depuis l'occupation fin septembre 1918 jusqu'à nos jours.</subfield>
	</datafield>
	<datafield ind1="1" ind2=" " tag="505">
		<subfield code="6">880-05</subfield>
		<subfield code="a">al-juzʼ 2. Min sanat 1922-1924 -- al-juzʼ 3. Min badʼ sanat 1925 ilá ākhir Ḥazīrān 1926 -- al-juzʼ 4. Min awwal Tammūz 1926 ilá ākhir Ḥazīrān 1928 -- al-juzʼ 5. Min awwal Tammūz 1928 ilá ākhir sanat 1929</subfield>
	</datafield>
	<datafield ind1=" " ind2="0" tag="650">
		<subfield code="a">Law</subfield>
		<subfield code="z">Syria.</subfield>
	</datafield>
	<datafield ind1=" " ind2="7" tag="650">
		<subfield code="a">Law.</subfield>
		<subfield code="2">fast</subfield>
		<subfield code="0">(OCoLC)fst00993678</subfield>
	</datafield>
	<datafield ind1=" " ind2="7" tag="651">
		<subfield code="a">Syria.</subfield>
		<subfield code="2">fast</subfield>
		<subfield code="0">(OCoLC)fst01208757</subfield>
	</datafield>
	<datafield ind1="1" ind2=" " tag="700">
		<subfield code="6">880-06</subfield>
		<subfield code="a">Ṣādir, Yūsuf Ibrāhīm.</subfield>
	</datafield>
	<datafield ind1="2" ind2=" " tag="710">
		<subfield code="a">Princeton University.</subfield>
		<subfield code="b">Library.</subfield>
	</datafield>
	<datafield ind1="0" ind2=" " tag="730">
		<subfield code="a">Arabic Collections Online.</subfield>
	</datafield>
	<datafield ind1="0" ind2="8" tag="776">
		<subfield code="i">Print version:</subfield>
		<subfield code="a">Syria.</subfield>
		<subfield code="t">Majmūʻat muqarrarāt ḥukūmat Sūriyā</subfield>
		<subfield code="w">(NjP)2775754</subfield>
	</datafield>
	<datafield ind1="4" ind2="0" tag="856">
		<subfield code="u">http://hdl.handle.net/2333.1/v15dvf1b</subfield>
	</datafield>
	<datafield ind1="4" ind2="0" tag="856">
		<subfield code="u">http://hdl.handle.net/2333.1/v15dvf1b</subfield>
	</datafield>
	<datafield ind1="1" ind2=" " tag="880">
		<subfield code="6">110-01</subfield>
		<subfield code="a">سوريا.‎</subfield>
	</datafield>
	<datafield ind1="1" ind2="0" tag="880">
		<subfield code="6">245-02</subfield>
		<subfield code="a">مجموعة مقررات حكومة سوريا :‎</subfield>
		<subfield code="b">وهي تشتمل على القوانين والمراسيم والقرارات التي صدرت في سوريا منذ الاحتلال آخر ايلول سنة 1918 الى يومنا هذه /‎</subfield>
		<subfield code="c">جمعها ورتبها يوسف صادر صاحب المجلة القضائية في بيروت.‎</subfield>
	</datafield>
	<datafield ind1=" " ind2=" " tag="880">
		<subfield code="6">260-03</subfield>
		<subfield code="a">بيروت :‎</subfield>
		<subfield code="b">مطبعة صادر،‎</subfield>
		<subfield code="c">1933-</subfield>
	</datafield>
	<datafield ind1=" " ind2=" " tag="880">
		<subfield code="6">500-04</subfield>
		<subfield code="a">At head of title: القضاء والتاريخ.‎</subfield>
	</datafield>
	<datafield ind1="1" ind2=" " tag="880">
		<subfield code="6">505-05</subfield>
		<subfield code="a">الجزء 2. من سنة 1922-1924 -- الجزء 3. من بدء سنة 1925 الى آخر حزيران 1926 -- الجزء 4. من اول تموز 1926 الى آخر حزيران 1928 -- الجزء 5. من اول تموز 1928 الى آخر سنة 1929‎</subfield>
	</datafield>
	<datafield ind1="1" ind2=" " tag="880">
		<subfield code="6">700-06</subfield>
		<subfield code="a">صادر، يوسف ابراهيم.‎</subfield>
	</datafield>
	<datafield ind1=" " ind2=" " tag="959">
		<subfield code="a">NNU</subfield>
		<subfield code="b">WEB</subfield>
		<subfield code="c">GENI</subfield>
		<subfield code="t">0</subfield>
		<subfield code="m">Electronic access</subfield>
		<subfield code="s">01</subfield>
	</datafield>
	<datafield ind1=" " ind2=" " tag="959">
		<subfield code="a">NNU</subfield>
		<subfield code="b">WEB</subfield>
		<subfield code="c">GENI</subfield>
		<subfield code="t">0</subfield>
		<subfield code="m">Electronic access</subfield>
		<subfield code="s">01</subfield>
	</datafield>
	<datafield ind1=" " ind2=" " tag="999">
		<subfield code="i">NjP_2775754</subfield>
		<subfield code="o">(OCoLC)ocm42547401</subfield>
		<subfield code="s">princeton_aco001963:vol.1-2</subfield>
		<subfield code="s">princeton_aco001964:vol.3-4</subfield>
		<subfield code="s">princeton_aco001965:vol.5-6</subfield>
		<subfield code="s">princeton_aco002764:vol.7-8</subfield>
		<subfield code="e">(ERROR-880)</subfield>
		<subfield code="s">princeton_aco001963:vol.1-2</subfield>
		<subfield code="s">princeton_aco001964:vol.3-4</subfield>
		<subfield code="s">princeton_aco001965:vol.5-6</subfield>
		<subfield code="s">princeton_aco002764:vol.7-8</subfield>
	</datafield>
</record>
